@article{krizhevsky2012imagenet,
	title={Imagenet classification with deep convolutional neural networks},
	author={Krizhevsky, Alex and Sutskever, Ilya and Hinton, Geoffrey E},
	journal={Advances in neural information processing systems},
	volume={25},
	year={2012}
}

@article{mikolov2013efficient,
	title={Efficient estimation of word representations in vector space},
	author={Mikolov, Tomas and Chen, Kai and Corrado, Greg and Dean, Jeffrey},
	journal={arXiv preprint arXiv:1301.3781},
	year={2013}
}

@article{vaswani2017attention,
	title={Attention is all you need},
	author={Vaswani, Ashish and Shazeer, Noam and Parmar, Niki and Uszkoreit, Jakob and Jones, Llion and Gomez, Aidan N and Kaiser, {\L}ukasz and Polosukhin, Illia},
	journal={Advances in neural information processing systems},
	volume={30},
	year={2017}
}

@inproceedings{masi2018deep,
	title={Deep face recognition: A survey},
	author={Masi, Iacopo and Wu, Yue and Hassner, Tal and Natarajan, Prem},
	booktitle={2018 31st SIBGRAPI conference on graphics, patterns and images (SIBGRAPI)},
	pages={471--478},
	year={2018},
	organization={IEEE}
}

@inproceedings{gao2017demand,
	title={On-demand learning for deep image restoration},
	author={Gao, Ruohan and Grauman, Kristen},
	booktitle={Proceedings of the IEEE international conference on computer vision},
	pages={1086--1095},
	year={2017}
}

@article{stahlberg2020neural,
	title={Neural machine translation: A review},
	author={Stahlberg, Felix},
	journal={Journal of Artificial Intelligence Research},
	volume={69},
	pages={343--418},
	year={2020}
}

@inproceedings{kumar2019comprehensive,
	title={A comprehensive view of automatic speech recognition system-a systematic literature review},
	author={Kumar, Yogesh and Singh, Navdeep},
	booktitle={2019 international conference on automation, computational and technology management (ICACTM)},
	pages={168--173},
	year={2019},
	organization={IEEE}
}

@article{kiran2021deep,
	title={Deep reinforcement learning for autonomous driving: A survey},
	author={Kiran, B Ravi and Sobh, Ibrahim and Talpaert, Victor and Mannion, Patrick and Al Sallab, Ahmad A and Yogamani, Senthil and P{\'e}rez, Patrick},
	journal={IEEE Transactions on Intelligent Transportation Systems},
	year={2021},
	publisher={IEEE}
}

@article{yu2021reinforcement,
	title={Reinforcement learning in healthcare: A survey},
	author={Yu, Chao and Liu, Jiming and Nemati, Shamim and Yin, Guosheng},
	journal={ACM Computing Surveys (CSUR)},
	volume={55},
	number={1},
	pages={1--36},
	year={2021},
	publisher={ACM New York, NY}
}

@inproceedings{voorhees1999trec,
	title={The trec-8 question answering track report.},
	author={Voorhees, Ellen M and others},
	booktitle={Trec},
	volume={99},
	pages={77--82},
	year={1999}
}

@article{ji2022survey,
	title={Survey of Hallucination in Natural Language Generation},
	author={Ji, Ziwei and Lee, Nayeon and Frieske, Rita and Yu, Tiezheng and Su, Dan and Xu, Yan and Ishii, Etsuko and Bang, Yejin and Madotto, Andrea and Fung, Pascale},
	journal={arXiv preprint arXiv:2202.03629},
	year={2022}
}

@inproceedings{roberts2020much,
	title={How Much Knowledge Can You Pack Into the Parameters of a Language Model?},
	author={Roberts, Adam and Raffel, Colin and Shazeer, Noam},
	booktitle={Proceedings of the 2020 Conference on Empirical Methods in Natural Language Processing (EMNLP)},
	pages={5418--5426},
	year={2020}
}

@inproceedings{karpukhin2020dense,
	title={Dense Passage Retrieval for Open-Domain Question Answering},
	author={Karpukhin, Vladimir and Oguz, Barlas and Min, Sewon and Lewis, Patrick and Wu, Ledell and Edunov, Sergey and Chen, Danqi and Yih, Wen-tau},
	booktitle={Proceedings of the 2020 Conference on Empirical Methods in Natural Language Processing (EMNLP)},
	pages={6769--6781},
	year={2020}
}

@inproceedings{kemker2018measuring,
	title={Measuring catastrophic forgetting in neural networks},
	author={Kemker, Ronald and McClure, Marc and Abitino, Angelina and Hayes, Tyler and Kanan, Christopher},
	booktitle={Proceedings of the AAAI Conference on Artificial Intelligence},
	volume={32},
	number={1},
	year={2018}
}

@inproceedings{chen2017reading,
	title={Reading Wikipedia to Answer Open-Domain Questions},
	author={Chen, Danqi and Fisch, Adam and Weston, Jason and Bordes, Antoine},
	booktitle={ACL (1)},
	year={2017}
}

@inproceedings{chen2020open,
	title={Open-domain question answering},
	author={Chen, Danqi and Yih, Wen-tau},
	booktitle={Proceedings of the 58th Annual Meeting of the Association for Computational Linguistics: Tutorial Abstracts},
	pages={34--37},
	year={2020}
}

@article{jones1972statistical,
	title={A statistical interpretation of term specificity and its application in retrieval},
	author={Jones, Karen Sparck},
	journal={Journal of documentation},
	year={1972},
	publisher={MCB UP Ltd}
}

@article{hochreiter1997long,
	title={Long short-term memory},
	author={Hochreiter, Sepp and Schmidhuber, J{\"u}rgen},
	journal={Neural computation},
	volume={9},
	number={8},
	pages={1735--1780},
	year={1997},
	publisher={MIT Press}
}

@inproceedings{clark2018simple,
	title={Simple and Effective Multi-Paragraph Reading Comprehension},
	author={Clark, Christopher and Gardner, Matt},
	booktitle={Proceedings of the 56th Annual Meeting of the Association for Computational Linguistics (Volume 1: Long Papers)},
	pages={845--855},
	year={2018}
}

@inproceedings{wang2019multi,
	title={Multi-passage BERT: A Globally Normalized BERT Model for Open-domain Question Answering},
	author={Wang, Zhiguo and Ng, Patrick and Ma, Xiaofei and Nallapati, Ramesh and Xiang, Bing},
	booktitle={Proceedings of the 2019 Conference on Empirical Methods in Natural Language Processing and the 9th International Joint Conference on Natural Language Processing (EMNLP-IJCNLP)},
	pages={5878--5882},
	year={2019}
}

@inproceedings{wang2018evidence,
	title={Evidence Aggregation for Answer Re-Ranking in Open-Domain Question Answering},
	author={Wang, Shuohang and Yu, Mo and Jiang, Jing and Zhang, Wei and Guo, Xiaoxiao and Chang, Shiyu and Wang, Zhiguo and Klinger, Tim and Tesauro, Gerald and Campbell, Murray},
	booktitle={International Conference on Learning Representations},
	year={2018}
}

@inproceedings{lee2019latent,
	title={Latent Retrieval for Weakly Supervised Open Domain Question Answering},
	author={Lee, Kenton and Chang, Ming-Wei and Toutanova, Kristina},
	booktitle={Proceedings of the 57th Annual Meeting of the Association for Computational Linguistics},
	pages={6086--6096},
	year={2019}
}

@article{guu2020realm,
	title={Realm: Retrieval-augmented language model pre-training},
	author={Guu, Kelvin and Lee, Kenton and Tung, Zora and Pasupat, Panupong and Chang, Ming-Wei},
	journal={arXiv preprint arXiv:2002.08909},
	year={2020}
}

@inproceedings{devlin2019bert,
	title={BERT: Pre-training of Deep Bidirectional Transformers for Language Understanding},
	author={Devlin, Jacob and Chang, Ming-Wei and Lee, Kenton and Toutanova, Kristina},
	booktitle={Proceedings of the 2019 Conference of the North American Chapter of the Association for Computational Linguistics: Human Language Technologies, Volume 1 (Long and Short Papers)},
	pages={4171--4186},
	year={2019}
}

@article{lewis2020retrieval,
	title={Retrieval-augmented generation for knowledge-intensive nlp tasks},
	author={Lewis, Patrick and Perez, Ethan and Piktus, Aleksandra and Petroni, Fabio and Karpukhin, Vladimir and Goyal, Naman and K{\"u}ttler, Heinrich and Lewis, Mike and Yih, Wen-tau and Rockt{\"a}schel, Tim and others},
	journal={Advances in Neural Information Processing Systems},
	volume={33},
	pages={9459--9474},
	year={2020}
}

@inproceedings{seo2019real,
	title={Real-Time Open-Domain Question Answering with Dense-Sparse Phrase Index},
	author={Seo, Minjoon and Lee, Jinhyuk and Kwiatkowski, Tom and Parikh, Ankur and Farhadi, Ali and Hajishirzi, Hannaneh},
	booktitle={Proceedings of the 57th Annual Meeting of the Association for Computational Linguistics},
	pages={4430--4441},
	year={2019}
}

@inproceedings{khattab2020colbert,
	title={Colbert: Efficient and effective passage search via contextualized late interaction over bert},
	author={Khattab, Omar and Zaharia, Matei},
	booktitle={Proceedings of the 43rd International ACM SIGIR conference on research and development in Information Retrieval},
	pages={39--48},
	year={2020}
}

@article{johnson2019billion,
	title={Billion-scale similarity search with {GPUs}},
	author={Johnson, Jeff and Douze, Matthijs and J{\'e}gou, Herv{\'e}},
	journal={IEEE Transactions on Big Data},
	volume={7},
	number={3},
	pages={535--547},
	year={2019},
	publisher={IEEE}
}

@article{chang2020pre,
	title={Pre-training tasks for embedding-based large-scale retrieval},
	author={Chang, Wei-Cheng and Yu, Felix X and Chang, Yin-Wen and Yang, Yiming and Kumar, Sanjiv},
	journal={arXiv preprint arXiv:2002.03932},
	year={2020}
}

@article{lewis2020pre,
	title={Pre-training via paraphrasing},
	author={Lewis, Mike and Ghazvininejad, Marjan and Ghosh, Gargi and Aghajanyan, Armen and Wang, Sida and Zettlemoyer, Luke},
	journal={Advances in Neural Information Processing Systems},
	volume={33},
	pages={18470--18481},
	year={2020}
}

@inproceedings{xiong2021progressively,
	title={Progressively Pretrained Dense Corpus Index for Open-Domain Question Answering},
	author={Xiong, Wenhan and Wang, Hong and Wang, William Yang},
	booktitle={Proceedings of the 16th Conference of the European Chapter of the Association for Computational Linguistics: Main Volume},
	pages={2803--2815},
	year={2021}
}

@inproceedings{lee2020contextualized,
	title={Contextualized Sparse Representations for Real-Time Open-Domain Question Answering},
	author={Lee, Jinhyuk and Seo, Minjoon and Hajishirzi, Hannaneh and Kang, Jaewoo},
	booktitle={Proceedings of the 58th Annual Meeting of the Association for Computational Linguistics},
	pages={912--919},
	year={2020}
}

@article{luan2021sparse,
	title={Sparse, dense, and attentional representations for text retrieval},
	author={Luan, Yi and Eisenstein, Jacob and Toutanova, Kristina and Collins, Michael},
	journal={Transactions of the Association for Computational Linguistics},
	volume={9},
	pages={329--345},
	year={2021},
	publisher={MIT Press}
}

@inproceedings{das2018multi,
	title={Multi-step Retriever-Reader Interaction for Scalable Open-domain Question Answering},
	author={Das, Rajarshi and Dhuliawala, Shehzaad and Zaheer, Manzil and McCallum, Andrew},
	booktitle={International Conference on Learning Representations},
	year={2018}
}

@inproceedings{mao2021generation,
	title={Generation-Augmented Retrieval for Open-Domain Question Answering},
	author={Mao, Yuning and He, Pengcheng and Liu, Xiaodong and Shen, Yelong and Gao, Jianfeng and Han, Jiawei and Chen, Weizhu},
	booktitle={Proceedings of the 59th Annual Meeting of the Association for Computational Linguistics and the 11th International Joint Conference on Natural Language Processing (Volume 1: Long Papers)},
	pages={4089--4100},
	year={2021}
}

@inproceedings{qi2019answering,
	title={Answering Complex Open-domain Questions Through Iterative Query Generation},
	author={Qi, Peng and Lin, Xiaowen and Mehr, Leo and Wang, Zijian and Manning, Christopher D},
	booktitle={Proceedings of the 2019 Conference on Empirical Methods in Natural Language Processing and the 9th International Joint Conference on Natural Language Processing (EMNLP-IJCNLP)},
	pages={2590--2602},
	year={2019}
}

@inproceedings{izacard2021leveraging,
	title={Leveraging Passage Retrieval with Generative Models for Open Domain Question Answering},
	author={Izacard, Gautier and Grave, {\'E}douard},
	booktitle={Proceedings of the 16th Conference of the European Chapter of the Association for Computational Linguistics: Main Volume},
	pages={874--880},
	year={2021}
}

@inproceedings{xiong2020approximate,
	title={Approximate Nearest Neighbor Negative Contrastive Learning for Dense Text Retrieval},
	author={Xiong, Lee and Xiong, Chenyan and Li, Ye and Tang, Kwok-Fung and Liu, Jialin and Bennett, Paul N and Ahmed, Junaid and Overwijk, Arnold},
	booktitle={International Conference on Learning Representations},
	year={2020}
}

@article{fajcik2021pruning,
	title={Pruning the index contents for memory efficient open-domain qa},
	author={Fajcik, Martin and Docekal, Martin and Ondrej, Karel and Smrz, Pavel},
	journal={arXiv preprint arXiv:2102.10697},
	year={2021}
}

@inproceedings{izacard2020distilling,
	title={Distilling Knowledge from Reader to Retriever for Question Answering},
	author={Izacard, Gautier and Grave, Edouard},
	booktitle={International Conference on Learning Representations},
	year={2020}
}

@inproceedings{han2015matchnet,
	title={Matchnet: Unifying feature and metric learning for patch-based matching},
	author={Han, Xufeng and Leung, Thomas and Jia, Yangqing and Sukthankar, Rahul and Berg, Alexander C},
	booktitle={Proceedings of the IEEE conference on computer vision and pattern recognition},
	pages={3279--3286},
	year={2015}
}

@inproceedings{song2019occlusion,
	title={Occlusion robust face recognition based on mask learning with pairwise differential siamese network},
	author={Song, Lingxue and Gong, Dihong and Li, Zhifeng and Liu, Changsong and Liu, Wei},
	booktitle={Proceedings of the IEEE/CVF International Conference on Computer Vision},
	pages={773--782},
	year={2019}
}

@inproceedings{zbontar2021barlow,
	title={Barlow twins: Self-supervised learning via redundancy reduction},
	author={Zbontar, Jure and Jing, Li and Misra, Ishan and LeCun, Yann and Deny, St{\'e}phane},
	booktitle={International Conference on Machine Learning},
	pages={12310--12320},
	year={2021},
	organization={PMLR}
}

@inproceedings{mitrovic2020representation,
	title={Representation Learning via Invariant Causal Mechanisms},
	author={Mitrovic, Jovana and McWilliams, Brian and Walker, Jacob C and Buesing, Lars Holger and Blundell, Charles},
	booktitle={International Conference on Learning Representations},
	year={2020}
}

@article{kwiatkowski2019natural,
	title={Natural Questions: A Benchmark for Question Answering Research},
	author={Kwiatkowski, Tom and Palomaki, Jennimaria and Redfield, Olivia and Collins, Michael and Parikh, Ankur and Alberti, Chris and Epstein, Danielle and Polosukhin, Illia and Devlin, Jacob and Lee, Kenton and others},
	journal={Transactions of the Association for Computational Linguistics},
	volume={7},
	pages={452--466},
	year={2019}
}

@book{robertson2009probabilistic,
	title={The probabilistic relevance framework: BM25 and beyond},
	author={Robertson, Stephen and Zaragoza, Hugo},
	year={2009},
	publisher={Now Publishers Inc}
}

@inproceedings{ioffe2015batch,
	title={Batch normalization: Accelerating deep network training by reducing internal covariate shift},
	author={Ioffe, Sergey and Szegedy, Christian},
	booktitle={International conference on machine learning},
	pages={448--456},
	year={2015},
	organization={PMLR}
}

@inproceedings{yih2011learning,
	title={Learning discriminative projections for text similarity measures},
	author={Yih, Wen-tau and Toutanova, Kristina and Platt, John C and Meek, Christopher},
	booktitle={Proceedings of the fifteenth conference on computational natural language learning},
	pages={247--256},
	year={2011}
}

@article{henderson2017efficient,
	title={Efficient natural language response suggestion for smart reply},
	author={Henderson, Matthew and Al-Rfou, Rami and Strope, Brian and Sung, Yun-Hsuan and Luk{\'a}cs, L{\'a}szl{\'o} and Guo, Ruiqi and Kumar, Sanjiv and Miklos, Balint and Kurzweil, Ray},
	journal={arXiv preprint arXiv:1705.00652},
	year={2017}
}

@article{gillick2019learning,
	title={Learning dense representations for entity retrieval},
	author={Gillick, Daniel and Kulkarni, Sayali and Lansing, Larry and Presta, Alessandro and Baldridge, Jason and Ie, Eugene and Garcia-Olano, Diego},
	journal={arXiv preprint arXiv:1909.10506},
	year={2019}
}

@article{lehmann2015dbpedia,
	title={Dbpedia--a large-scale, multilingual knowledge base extracted from wikipedia},
	author={Lehmann, Jens and Isele, Robert and Jakob, Max and Jentzsch, Anja and Kontokostas, Dimitris and Mendes, Pablo N and Hellmann, Sebastian and Morsey, Mohamed and Van Kleef, Patrick and Auer, S{\"o}ren and others},
	journal={Semantic web},
	volume={6},
	number={2},
	pages={167--195},
	year={2015},
	publisher={IOS Press}
}

@article{wolf2019huggingface,
	title={Huggingface's transformers: State-of-the-art natural language processing},
	author={Wolf, Thomas and Debut, Lysandre and Sanh, Victor and Chaumond, Julien and Delangue, Clement and Moi, Anthony and Cistac, Pierric and Rault, Tim and Louf, R{\'e}mi and Funtowicz, Morgan and others},
	journal={arXiv preprint arXiv:1910.03771},
	year={2019}
}

@inproceedings{luong2015effective,
	title={Effective Approaches to Attention-based Neural Machine Translation},
	author={Luong, Minh-Thang and Pham, Hieu and Manning, Christopher D},
	booktitle={Proceedings of the 2015 Conference on Empirical Methods in Natural Language Processing},
	pages={1412--1421},
	year={2015}
}

@article{bahdanau2014neural,
	title={Neural machine translation by jointly learning to align and translate},
	author={Bahdanau, Dzmitry and Cho, Kyunghyun and Bengio, Yoshua},
	journal={arXiv preprint arXiv:1409.0473},
	year={2014}
}

@inproceedings{dosovitskiy2020image,
	title={An Image is Worth 16x16 Words: Transformers for Image Recognition at Scale},
	author={Dosovitskiy, Alexey and Beyer, Lucas and Kolesnikov, Alexander and Weissenborn, Dirk and Zhai, Xiaohua and Unterthiner, Thomas and Dehghani, Mostafa and Minderer, Matthias and Heigold, Georg and Gelly, Sylvain and others},
	booktitle={International Conference on Learning Representations},
	year={2020}
}

@inproceedings{liu2021swin,
	title={Swin transformer: Hierarchical vision transformer using shifted windows},
	author={Liu, Ze and Lin, Yutong and Cao, Yue and Hu, Han and Wei, Yixuan and Zhang, Zheng and Lin, Stephen and Guo, Baining},
	booktitle={Proceedings of the IEEE/CVF International Conference on Computer Vision},
	pages={10012--10022},
	year={2021}
}

@inproceedings{tang2020neuroevolution,
	title={Neuroevolution of self-interpretable agents},
	author={Tang, Yujin and Nguyen, Duong and Ha, David},
	booktitle={Proceedings of the 2020 Genetic and Evolutionary Computation Conference},
	pages={414--424},
	year={2020}
}

@inproceedings{shen2019self,
	title={Self-attention for deep reinforcement learning},
	author={Shen, Xiangxiang and Yin, Chuanhuan and Hou, Xinwen},
	booktitle={Proceedings of the 2019 4th International Conference on Mathematics and Artificial Intelligence},
	pages={71--75},
	year={2019}
}

@article{brown2020language,
	title={Language models are few-shot learners},
	author={Brown, Tom and Mann, Benjamin and Ryder, Nick and Subbiah, Melanie and Kaplan, Jared D and Dhariwal, Prafulla and Neelakantan, Arvind and Shyam, Pranav and Sastry, Girish and Askell, Amanda and others},
	journal={Advances in neural information processing systems},
	volume={33},
	pages={1877--1901},
	year={2020}
}

@article{caron2020unsupervised,
	title={Unsupervised learning of visual features by contrasting cluster assignments},
	author={Caron, Mathilde and Misra, Ishan and Mairal, Julien and Goyal, Priya and Bojanowski, Piotr and Joulin, Armand},
	journal={Advances in Neural Information Processing Systems},
	volume={33},
	pages={9912--9924},
	year={2020}
}

@article{goyal2021self,
	title={Self-supervised pretraining of visual features in the wild},
	author={Goyal, Priya and Caron, Mathilde and Lefaudeux, Benjamin and Xu, Min and Wang, Pengchao and Pai, Vivek and Singh, Mannat and Liptchinsky, Vitaliy and Misra, Ishan and Joulin, Armand and others},
	journal={arXiv preprint arXiv:2103.01988},
	year={2021}
}

@article{chen2021synthetic,
	title={Synthetic data in machine learning for medicine and healthcare},
	author={Chen, Richard J and Lu, Ming Y and Chen, Tiffany Y and Williamson, Drew FK and Mahmood, Faisal},
	journal={Nature Biomedical Engineering},
	volume={5},
	number={6},
	pages={493--497},
	year={2021},
	publisher={Nature Publishing Group}
}

@inproceedings{frid2018synthetic,
	title={Synthetic data augmentation using GAN for improved liver lesion classification},
	author={Frid-Adar, Maayan and Klang, Eyal and Amitai, Michal and Goldberger, Jacob and Greenspan, Hayit},
	booktitle={2018 IEEE 15th international symposium on biomedical imaging (ISBI 2018)},
	pages={289--293},
	year={2018},
	organization={IEEE}
}

@article{goodfellow2014generative,
	title={Generative adversarial nets},
	author={Goodfellow, Ian and Pouget-Abadie, Jean and Mirza, Mehdi and Xu, Bing and Warde-Farley, David and Ozair, Sherjil and Courville, Aaron and Bengio, Yoshua},
	journal={Advances in neural information processing systems},
	volume={27},
	year={2014}
}

@article{shorten2019survey,
	title={A survey on image data augmentation for deep learning},
	author={Shorten, Connor and Khoshgoftaar, Taghi M},
	journal={Journal of big data},
	volume={6},
	number={1},
	pages={1--48},
	year={2019},
	publisher={Springer}
}

@article{tran2017bayesian,
	title={A bayesian data augmentation approach for learning deep models},
	author={Tran, Toan and Pham, Trung and Carneiro, Gustavo and Palmer, Lyle and Reid, Ian},
	journal={Advances in neural information processing systems},
	volume={30},
	year={2017}
}

@inproceedings{richter2016playing,
	title={Playing for data: Ground truth from computer games},
	author={Richter, Stephan R and Vineet, Vibhav and Roth, Stefan and Koltun, Vladlen},
	booktitle={European conference on computer vision},
	pages={102--118},
	year={2016},
	organization={Springer}
}

@inproceedings{song2017semantic,
	title={Semantic scene completion from a single depth image},
	author={Song, Shuran and Yu, Fisher and Zeng, Andy and Chang, Angel X and Savva, Manolis and Funkhouser, Thomas},
	booktitle={Proceedings of the IEEE conference on computer vision and pattern recognition},
	pages={1746--1754},
	year={2017}
}

@inproceedings{karras2020analyzing,
	title={Analyzing and improving the image quality of stylegan},
	author={Karras, Tero and Laine, Samuli and Aittala, Miika and Hellsten, Janne and Lehtinen, Jaakko and Aila, Timo},
	booktitle={Proceedings of the IEEE/CVF conference on computer vision and pattern recognition},
	pages={8110--8119},
	year={2020}
}

@inproceedings{arazo2020pseudo,
	title={Pseudo-labeling and confirmation bias in deep semi-supervised learning},
	author={Arazo, Eric and Ortego, Diego and Albert, Paul and O’Connor, Noel E and McGuinness, Kevin},
	booktitle={2020 International Joint Conference on Neural Networks (IJCNN)},
	pages={1--8},
	year={2020},
	organization={IEEE}
}

@inproceedings{wang2020unsupervised,
	title={Unsupervised domain adaptation via structured prediction based selective pseudo-labeling},
	author={Wang, Qian and Breckon, Toby},
	booktitle={Proceedings of the AAAI conference on artificial intelligence},
	volume={34},
	number={04},
	pages={6243--6250},
	year={2020}
}

@inproceedings{wang2019learning,
	title={Learning from synthetic data for crowd counting in the wild},
	author={Wang, Qi and Gao, Junyu and Lin, Wei and Yuan, Yuan},
	booktitle={Proceedings of the IEEE/CVF Conference on computer vision and pattern recognition},
	pages={8198--8207},
	year={2019}
}

@inproceedings{tripathi2019learning,
	title={Learning to generate synthetic data via compositing},
	author={Tripathi, Shashank and Chandra, Siddhartha and Agrawal, Amit and Tyagi, Ambrish and Rehg, James M and Chari, Visesh},
	booktitle={Proceedings of the IEEE/CVF Conference on Computer Vision and Pattern Recognition},
	pages={461--470},
	year={2019}
}

@article{lacoste2020synbols,
	title={Synbols: Probing learning algorithms with synthetic datasets},
	author={Lacoste, Alexandre and Rodr{\'\i}guez L{\'o}pez, Pau and Branchaud-Charron, Fr{\'e}d{\'e}ric and Atighehchian, Parmida and Caccia, Massimo and Laradji, Issam Hadj and Drouin, Alexandre and Craddock, Matthew and Charlin, Laurent and V{\'a}zquez, David},
	journal={Advances in Neural Information Processing Systems},
	volume={33},
	pages={134--146},
	year={2020}
}

@inproceedings{alberti2019synthetic,
	title={Synthetic QA Corpora Generation with Roundtrip Consistency},
	author={Alberti, Chris and Andor, Daniel and Pitler, Emily and Devlin, Jacob and Collins, Michael},
	booktitle={Proceedings of the 57th Annual Meeting of the Association for Computational Linguistics},
	pages={6168--6173},
	year={2019}
}

@article{sutskever2014sequence,
	title={Sequence to sequence learning with neural networks},
	author={Sutskever, Ilya and Vinyals, Oriol and Le, Quoc V},
	journal={Advances in neural information processing systems},
	volume={27},
	year={2014}
}

@inproceedings{lewis2019unsupervised,
	title={Unsupervised Question Answering by Cloze Translation},
	author={Lewis, Patrick and Denoyer, Ludovic and Riedel, Sebastian},
	booktitle={Proceedings of the 57th Annual Meeting of the Association for Computational Linguistics},
	pages={4896--4910},
	year={2019}
}

@article{lewis2021paq,
	title={PAQ: 65 Million Probably-Asked Questions and What You Can Do With Them},
	author={Lewis, Patrick and Wu, Yuxiang and Liu, Linqing and Minervini, Pasquale and K{\"u}ttler, Heinrich and Piktus, Aleksandra and Stenetorp, Pontus and Riedel, Sebastian},
	journal={Transactions of the Association for Computational Linguistics},
	volume={9},
	pages={1098--1115},
	year={2021}
}

@inproceedings{mao2021generation,
	title={Generation-Augmented Retrieval for Open-Domain Question Answering},
	author={Mao, Yuning and He, Pengcheng and Liu, Xiaodong and Shen, Yelong and Gao, Jianfeng and Han, Jiawei and Chen, Weizhu},
	booktitle={Proceedings of the 59th Annual Meeting of the Association for Computational Linguistics and the 11th International Joint Conference on Natural Language Processing (Volume 1: Long Papers)},
	pages={4089--4100},
	year={2021}
}

@inproceedings{qi2019answering,
	title={Answering Complex Open-domain Questions Through Iterative Query Generation},
	author={Qi, Peng and Lin, Xiaowen and Mehr, Leo and Wang, Zijian and Manning, Christopher D},
	booktitle={Proceedings of the 2019 Conference on Empirical Methods in Natural Language Processing and the 9th International Joint Conference on Natural Language Processing (EMNLP-IJCNLP)},
	pages={2590--2602},
	year={2019}
}

@inproceedings{chan2019recurrent,
	title={A recurrent BERT-based model for question generation},
	author={Chan, Ying-Hong and Fan, Yao-Chung},
	booktitle={Proceedings of the 2nd Workshop on Machine Reading for Question Answering},
	pages={154--162},
	year={2019}
}

@inproceedings{sultan2020importance,
	title={On the importance of diversity in question generation for QA},
	author={Sultan, Md Arafat and Chandel, Shubham and Astudillo, Ram{\'o}n Fernandez and Castelli, Vittorio},
	booktitle={Proceedings of the 58th Annual Meeting of the Association for Computational Linguistics},
	pages={5651--5656},
	year={2020}
}