
%Application

@article{DynamicOptim_Opportunities_challenges,
	author={J. B. Rawlings and B. T. Stewart},
     title={Coordinating multiple optimization-based controllers: New opportunities and challenges},
	journal={Journal of Process Control},
	year={2008},
     volume={18},
	pages={839--845},
}
