@book{bauschke2011convex,
  title={Convex analysis and monotone operator theory in Hilbert spaces},
  author={Bauschke, Heinz H and Combettes, Patrick L},
  year={2011},
  publisher={Springer Science \& Business Media}
}